@unpublished{GaudeckerEconProjectTemplates,
	Author = {Hans-Martin von Gaudecker},
	Note = {\url{https://doi.org/10.5281/zenodo.2533241}},
	Title = {Templates for Reproducible Research Projects in Economics},
	Year = {2019}}

@article{fairlie2015behind,
  title={Behind the GATE experiment: Evidence on effects of and rationales for subsidized entrepreneurship training},
  author={Fairlie, Robert W and Karlan, Dean and Zinman, Jonathan},
  journal={American Economic Journal: Economic Policy},
  volume={7},
  number={2},
  pages={125--61},
  year={2015}
}